
@misc {dash,
   url = {https://dash.gallery/bball-player-explorer},
   year = {2022},
   title = {NBA PLAYER PERFORMANCE AND SCOUTING EXPLORER},
   author = {{Dash Enterprise}},
}

@misc {statmuse,
   url = {https://www.statmuse.com/nba},
   year = {2014},
   title = {StatMuse NBA},
   author = {Eli Dawson},
}

@misc {sportsReference,
   url = {https://www.basketball-reference.com},
   year = {2004},
   title = {Basketball Reference},
   author = {Sean Forman},
}

@misc {espn,
   url = {https://www.espn.com/nba/stats},
   year = {1995},
   title = {NBA Stats},
   author = {Bill Rasmussen},
}

@misc {sportsStats,
   url = {https://builtin.com/big-data/big-data-companies-sports},
   year = {2022},
   title = {How Sports Analytics Are Used Today, by Teams and Fans},
   author = {Alyssa Schroer},
}

@misc {MVPpredict,
   url = {https://towardsdatascience.com/predicting-the-next-nba-mvp-using-machine-learning-62615bfcff75},
   year = {2022},
   title = {Predicting the next NBA MVP using Machine Learning},
   author = {David Yoo},
}

@misc {fantasy,
   url = {https://basketball.fantasysports.yahoo.com/nba/draftanalysis},
   year = {2022},
   title = {Draft Analysis},
   author = {Yahoo Sports},
}

@misc {fantasyDraft,
   url = {https://fantasy.espn.com/basketball/mockdraftlobby},
   year = {2022},
   title = {Mock Draft},
   author = {ESPN},
}

@misc {fantasyEthics,
   url = {https://onlysky.media/jbowen/the-reality-of-fantasy-sports/},
   year = {2022},
   title = {The reality of fantasy sports},
   author = {Jack Bowen},
}

@misc {visualizationBias,
   url = {https://web.cs.wpi.edu/~ltharrison/docs/mansoor2017data.pdf},
   year = {2017},
   title = {Data Visualization Literacy and Visualization Biases: Cases for Merging
Parallel Threads},
   author = {Hamid Mansoor},
}

@misc {visualizationBias,
   url = {https://web.cs.wpi.edu/~ltharrison/docs/mansoor2017data.pdf},
   year = {2017},
   title = {Data Visualization Literacy and Visualization Biases: Cases for Merging
Parallel Threads},
   author = {Hamid Mansoor},
}

@misc {poltlyInfo,
   url = {https://plotly.com/python/},
   year = {2022},
   title = {Plotly Open Source Graphing Library for Python},
   author = {Plotly},
}

@misc {dashInfo,
   url = {https://dash.plotly.com/},
   year = {2022},
   title = {Dash Python User Guide},
   author = {Dash},
}



